<?xml version="1.0" encoding="UTF-8"?><collection xmlns="http://www.loc.gov/MARC21/slim"><record><leader>00522nam--2200133-i-4500</leader><controlfield tag="001">000018922</controlfield><controlfield tag="002">20161230</controlfield><controlfield tag="005">20161230201032</controlfield><controlfield tag="008">060222s1000------------r-----000-0-eng-d</controlfield><datafield ind1=" " ind2=" " tag="080"><subfield code="a">543.42</subfield></datafield><datafield ind1=" " ind2=" " tag="100"><subfield code="a">Fleury, Solange</subfield></datafield><datafield ind1=" " ind2=" " tag="245"><subfield code="a">Etude spectrophotometrique de la laque donnee par le thorium avec le sel trisodique de l`acide p-sulfophenylazochromotropique (ou spadns) et son application au microdosage de l`ion f dans les composes organiques.these</subfield></datafield><datafield ind1=" " ind2=" " tag="260"><subfield code="a">Paris, La Faculte Des Sciences, 1965.   197 P</subfield></datafield><datafield ind1=" " ind2=" " tag="852"><subfield code="a">25356</subfield></datafield></record></collection>